@Misc{FITkit,
	author = {Zdeněk Vašíček},
	title = {FITkit},
	howpublished = {[online]},
	year = {2012},
	note = {[citované 2023-12-12]},
	url = {https://merlin.fit.vutbr.cz/FITkit/uvod.html},
}

@Misc{SRF05,
	author = {RobotElectronics},
	title = {SRF05 - Ultra-Sonic Ranger},
	howpublished = {[online]},
	year = {2012},
	note = {[citované 2023-12-12]},
	url = {https://www.robot-electronics.co.uk/htm/srf05tech.htm},
}

@Misc{PresentationForProject,
	author = {Václav Šimek},
	title = {IMP – projekt „Měření vzdálenosti ultrazvukovým senzorem“},
	howpublished = {[online]},
	year = {22.10.2022},
	note = {[citované 2023-12-12]},
	url = {https://www.fit.vutbr.cz/~simekv/IMP_projekt_mereni_vzdalenost_ultrazvuk.pdf},
}
